@mastersthesis { 1014151664.nh,
author = { 潘云龙 },
title = {基于遗传算法的地铁智能排班系统设计与实现},
school = {华南理工大学},
year = {2013}
}

@mastersthesis{1016015859.nh,
author = {林畅},
 title = {基于B/S的银行弹性排班管理系统设计与实现},
school = {吉林大学},
year = {2015}
} 

@article{RJDK202301028,
author = {  周竹连 and     周珍胜 and     冯乐 and     汤华椿 and     吴磊 and 谭棉},
title = {基于平均增益模型的模拟退火算法计算时间分析},
journal = {软件导刊},
volume = {22},
number = {01},
pages = {184-190},
year = {2023},
issn = {1672-7800},
}    

@mastersthesis{1022506340.nh,
author = {熊静},
 title = {基于改进遗传算法的机场AOC人员智能排班研究},
school = {中国民用航空飞行学院},
year = {2022}
}    

@mastersthesis{1016279053.nh,
author = {王兴慧},
 title = {机车乘务员智能排班系统的研究与开发},
school = {兰州交通大学},
year = {2016}
}    

@article{XHYX202106028,
author = {  王莹 and     张青 and     韦瑶 and     王亚红 and     张莉 and     齐振红 and     蔡胜 and     李建初 and 赵从朴},
title = {一体化智能排班软件系统的开发与应用},
journal = {协和医学杂志},
volume = {12},
number = {06},
pages = {1030-1033},
year = {2021},
issn = {1674-9081},
}    

@article{DNZS202202029,
author = {  王梦真 and 陈欢良},
title = {基于改进遗传算法解决多目标智能排班问题研究},
journal = {电脑知识与技术},
volume = {18},
number = {02},
pages = {79-81},
year = {2022},
issn = {1009-3044},
doi = {10.14004/j.cnki.ckt.2022.0040}
}    

@article{BGDH202109023,
author = {  段瞰 and 赵宁社},
title = {基于Web架构的高校党员管理信息系统的设计与实现},
journal = {办公自动化},
volume = {26},
number = {09},
pages = {60-62+10},
year = {2021},
issn = {1007-001X},
}    

@article{GWYG202110011,
author = {  陈蒙蒙 and     方振红 and     温伟伟 and 涂文怡},
title = {基于多约束粒子群算法的护士智能排班模式及效果研究},
journal = {医院管理论坛},
volume = {38},
number = {10},
pages = {35-38},
year = {2021},
issn = {1671-9069},
}    

@Article{app11083710,
AUTHOR = {Cunha, Bruno and Madureira, Ana and Fonseca, Benjamim and Matos, João},
TITLE = {Intelligent Scheduling with Reinforcement Learning},
JOURNAL = {Applied Sciences},
VOLUME = {11},
YEAR = {2021},
NUMBER = {8},
ARTICLE-NUMBER = {3710},
URL = {https://www.mdpi.com/2076-3417/11/8/3710},
ISSN = {2076-3417}
}


@article{Gao2020,
  author    = {Kai Gao and Y. Huang and A. Sadollah and et al.},
  title     = {A Review of Energy-Efficient Scheduling in Intelligent Production Systems},
  journal   = {Complex \& Intelligent Systems},
  year      = {2020},
  volume    = {6},
  number    = {2},
  pages     = {237--249},
  month     = jul,
  doi       = {10.1007/s40747-019-00122-6},
  url       = {https://doi.org/10.1007/s40747-019-00122-6}
}

@ARTICLE{9409755,
  author={Fu, Yaping and Hou, Yushuang and Wang, Zifan and Wu, Xinwei and Gao, Kaizhou and Wang, Ling},
  journal={Tsinghua Science and Technology}, 
  title={Distributed scheduling problems in intelligent manufacturing systems}, 
  year={2021},
  volume={26},
  number={5},
  pages={625-645},
  keywords={Job shop scheduling;Production;Mathematical model;Optimization;Single machine scheduling;Production facilities;Processor scheduling;distributed manufacturing systems;distributed scheduling problems;modeling and optimization;intelligent optimization methods},
  doi={10.26599/TST.2021.9010009}
}

@ARTICLE{17235,
  author={Rutenbar, R.A.},
  journal={IEEE Circuits and Devices Magazine}, 
  title={Simulated annealing algorithms: an overview}, 
  year={1989},
  volume={5},
  number={1},
  pages={19-26},
  keywords={Simulated annealing;Design optimization;Solids;Physics;Energy states;Crystalline materials;Semiconductor materials;Algorithm design and analysis;Circuit simulation;Application specific integrated circuits},
  doi={10.1109/101.17235}}

